<?xml version="1.0" encoding="UTF-8"?><collection xmlns="http://www.loc.gov/MARC21/slim"><record><leader>00646nam--2200193-u-4500</leader><controlfield tag="001">000054454</controlfield><controlfield tag="002">20161230</controlfield><controlfield tag="005">20161230201051</controlfield><controlfield tag="008">111213s1000------------r-----000-0-rum-d</controlfield><datafield ind1=" " ind2=" " tag="040"><subfield code="a">IFIN-HH</subfield></datafield><datafield ind1=" " ind2=" " tag="041"><subfield code="b">rum</subfield></datafield><datafield ind1=" " ind2=" " tag="080"><subfield code="a">621.039.5</subfield></datafield><datafield ind1="1" ind2=" " tag="100"><subfield code="a">Nitoi, Mirela</subfield></datafield><datafield ind1="1" ind2="0" tag="245"><subfield code="a">Evaluarea efectelor fenomenului de imbatranire a componenetelor de la cne cernavoda folosind analiza probabilista de securitate</subfield><subfield code="b">Teza</subfield><subfield code="c">Mirela nitoi</subfield></datafield><datafield ind1=" " ind2=" " tag="260"><subfield code="a">Bucuresti</subfield><subfield code="b">Facultatea De Fizica</subfield><subfield code="c">2011</subfield></datafield><datafield ind1=" " ind2=" " tag="300"><subfield code="a">129P.+ANEXE</subfield></datafield><datafield ind1=" " ind2=" " tag="502"><subfield code="a">Conducator Stiintific, Prof.Univ.Asociat Dr. Margarit Pavelescu</subfield></datafield><datafield ind1=" " ind2=" " tag="852"><subfield code="a">82327</subfield><subfield code="c">621.039.5</subfield></datafield><datafield ind1=" " ind2=" " tag="CAT"><subfield code="a">Sys</subfield><subfield code="c">20120531</subfield><subfield code="h">103415</subfield></datafield></record></collection>